<?xml version="1.0" encoding="UTF-8"?><collection xmlns="http://www.loc.gov/MARC21/slim"><record><leader>00529nam--2200169-i-4500</leader><controlfield tag="001">000016573</controlfield><controlfield tag="002">20161230</controlfield><controlfield tag="005">20161230201031</controlfield><controlfield tag="008">060222s1000------------r-----000-0-eng-d</controlfield><datafield ind1=" " ind2=" " tag="040"><subfield code="a">IFIN-HH</subfield></datafield><datafield ind1=" " ind2=" " tag="080"><subfield code="a">504.06(5)</subfield></datafield><datafield ind1="1" ind2=" " tag="110"><subfield code="a">Environmental Infrastracture</subfield></datafield><datafield ind1="1" ind2="0" tag="245"><subfield code="a">Assessment of environmental infrastructure in asia. defined by water, wastewater, solid waste &amp; hazarduos waste</subfield></datafield><datafield ind1=" " ind2=" " tag="260"><subfield code="a">Washington</subfield><subfield code="b">U.S.-asia Environmental Partnership</subfield><subfield code="c">1996</subfield></datafield><datafield ind1=" " ind2=" " tag="300"><subfield code="a">136 P</subfield></datafield><datafield ind1=" " ind2=" " tag="852"><subfield code="a">80548</subfield><subfield code="c">551</subfield></datafield><datafield ind1=" " ind2=" " tag="CAT"><subfield code="a">Sys</subfield><subfield code="c">20110408</subfield><subfield code="h">123702</subfield></datafield></record></collection>